<?xml version="1.0" encoding="UTF-8"?><collection xmlns="http://www.loc.gov/MARC21/slim"><record><leader>00348nam--2200121-i-4500</leader><controlfield tag="001">000048882</controlfield><controlfield tag="002">20161230</controlfield><controlfield tag="005">20161230201047</controlfield><controlfield tag="008">060222s1000------------r-----000-0-eng-d</controlfield><datafield ind1=" " ind2=" " tag="245"><subfield code="a">Radioactivation analysis</subfield></datafield><datafield ind1=" " ind2=" " tag="260"><subfield code="a">London, Butterworths, 1960, 141p</subfield></datafield><datafield ind1=" " ind2=" " tag="490"><subfield code="a">Intern.Atomic Energy Agency, Joint Commission On Applied Radioactivity</subfield></datafield><datafield ind1=" " ind2=" " tag="852"><subfield code="a">16054</subfield></datafield></record></collection>